@article{theis2015note,
    title={A note on the evaluation of generative models},
    author={Theis, Lucas and Oord, A{\"a}ron van den and Bethge, Matthias},
    journal={arXiv preprint arXiv:1511.01844},
    year={2015}
}
@article{blei2016variational,
    title={Variational Inference: Foundations and Modern Methods},
    author={Blei, David and Ranganath, Rajesh and Mohamed, Shakir}
}
@inproceedings{huang2018introvae,
    title={Introvae: Introspective variational autoencoders for photographic image synthesis},
    author={Huang, Huaibo and He, Ran and Sun, Zhenan and Tan, Tieniu and others},
    booktitle={Advances in Neural Information Processing Systems},
    pages={52--63},
    year={2018}
}
